 @article{stable_baselines3,
  author  = {Antonin Raffin and Ashley Hill and Adam Gleave and Anssi Kanervisto and Maximilian Ernestus and Noah Dormann},
  title   = {Stable-Baselines3: Reliable Reinforcement Learning Implementations},
  journal = {Journal of Machine Learning Research},
  year    = {2021},
  volume  = {22},
  number  = {268},
  pages   = {1-8},
  url     = {http://jmlr.org/papers/v22/20-1364.html}
}

@inproceedings{mellinger,
  author={Mellinger, Daniel and Kumar, Vijay},
  booktitle={2011 IEEE International Conference on Robotics and Automation}, 
  title={Minimum snap trajectory generation and control for quadrotors}, 
  year={2011},
  volume={},
  number={},
  pages={2520-2525},
  doi={10.1109/ICRA.2011.5980409}}

@inproceedings{pybullet_gym,
      title={Learning to Fly---a Gym Environment with PyBullet Physics for Reinforcement Learning of Multi-agent Quadcopter Control}, 
      author={Jacopo Panerati and Hehui Zheng and SiQi Zhou and James Xu and Amanda Prorok and Angela P. Schoellig},
      booktitle={2021 IEEE/RSJ International Conference on Intelligent Robots and Systems (IROS)},
      year={2021},
      volume={},
      number={},
      pages={},
      doi={}
}

@inproceedings{
charac_robustness,
title={Characterising the Robustness of Reinforcement Learning for Continuous Control using Disturbance Injection},
author={Catherine Glossop and Jacopo Panerati and Amrit Krishnan and Zhaocong Yuan and Angela P. Schoellig},
booktitle={Progress and Challenges in Building Trustworthy Embodied AI},
year={2022},
url={https://openreview.net/forum?id=IgXOXUVObLB}
}

@article{td3,
  author       = {Scott Fujimoto and
                  Herke van Hoof and
                  David Meger},
  title        = {Addressing Function Approximation Error in Actor-Critic Methods},
  journal      = {CoRR},
  volume       = {abs/1802.09477},
  year         = {2018},
  url          = {http://arxiv.org/abs/1802.09477},
  eprinttype    = {arXiv},
  eprint       = {1802.09477},
  timestamp    = {Sat, 28 Sep 2019 00:58:01 +0200},
  biburl       = {https://dblp.org/rec/journals/corr/abs-1802-09477.bib},
  bibsource    = {dblp computer science bibliography, https://dblp.org}
}

@misc{modelling_cf,
  author       = {{Greiff, Marcus}},
  issn         = {{0280-5316}},
  language     = {{eng}},
  note         = {{Student Paper}},
  title        = {{Modelling and Control of the Crazyflie Quadrotor for Aggressive and Autonomous Flight by Optical Flow Driven State Estimation}},
  year         = {{2017}},
}

@phdthesis{nonlinear_control,
  author       = {{Greiff, Marcus}},
  isbn         = {{978-91-8039-047-7}},
  keywords     = {{Nonlinear Control; Lyapunov Methods; Aerospace; Aerial Vehicles; Output Feedback; Control Theory}},
  language     = {{eng}},
  month        = {{10}},
  publisher    = {{Department of Automatic Control, Lund University}},
  school       = {{Lund University}},
  title        = {{Nonlinear Control of Unmanned Aerial Vehicles : Systems With an Attitude}},
  url          = {{https://lup.lub.lu.se/search/files/109517053/MG_thesis_final.pdf}},
  year         = {{2021}},
}